<?xml version="1.0" encoding="UTF-8"?><collection xmlns="http://www.loc.gov/MARC21/slim"><record><leader>00651nam--2200205-i-4500</leader><controlfield tag="001">000012983</controlfield><controlfield tag="002">20161230</controlfield><controlfield tag="005">20161230201030</controlfield><controlfield tag="008">060222s1000------------r-----000-0-eng-d</controlfield><datafield ind1=" " ind2=" " tag="020"><subfield code="a">0471041793</subfield></datafield><datafield ind1=" " ind2=" " tag="040"><subfield code="a">IFIN-HH</subfield></datafield><datafield ind1=" " ind2=" " tag="080"><subfield code="a">546.1/9.027:54.02(083.4)</subfield></datafield><datafield ind1="1" ind2=" " tag="100"><subfield code="a">Browne, Edgardo /S.A.</subfield></datafield><datafield ind1="1" ind2="0" tag="245"><subfield code="a">Table of isotopes</subfield><subfield code="c">Edgardo browne, janis m. daikiri, raymond e. doebler (authors) c. michael lederer, virginia s shirley (eds.)</subfield></datafield><datafield ind1=" " ind2=" " tag="250"><subfield code="a">Seventh Edition</subfield></datafield><datafield ind1=" " ind2=" " tag="260"><subfield code="a">New York</subfield><subfield code="b">John Wiley &amp; Sons, Inc</subfield><subfield code="c">1978</subfield></datafield><datafield ind1=" " ind2=" " tag="300"><subfield code="a">9 + 1523 + 63 P</subfield></datafield><datafield ind1="1" ind2=" " tag="700"><subfield code="a">Shirley, Virginia S</subfield><subfield code="e">Ed</subfield></datafield><datafield ind1=" " ind2=" " tag="852"><subfield code="a">46926</subfield><subfield code="c">539.163</subfield></datafield><datafield ind1=" " ind2=" " tag="CAT"><subfield code="a">Sys</subfield><subfield code="c">20120518</subfield><subfield code="h">095028</subfield></datafield></record></collection>